<?xml version="1.0" encoding="UTF-8"?><collection xmlns="http://www.loc.gov/MARC21/slim"><record><leader>00487nam--2200145-i-4500</leader><controlfield tag="001">000008204</controlfield><controlfield tag="002">20161230</controlfield><controlfield tag="005">20170218234057</controlfield><controlfield tag="008">060222s1000------------r-----000-0-eng-d</controlfield><datafield ind1=" " ind2=" " tag="245"><subfield code="a">Spectroscopy and spectrometry. 1960 throught dec.1965. 3rd revised edition. Compiled by ... Ruth Ten Raa, editor</subfield></datafield><datafield ind1=" " ind2=" " tag="260"><subfield code="a">London</subfield><subfield code="b">Robert Maxwell &amp; Co.Ltd</subfield><subfield code="c">1966</subfield></datafield><datafield ind1=" " ind2=" " tag="300"><subfield code="a">41 p</subfield></datafield><datafield ind1=" " ind2=" " tag="490"><subfield code="a">Maxwell S International Subject Bibliographies</subfield></datafield><datafield ind1=" " ind2=" " tag="700"><subfield code="a">Didwiszus, Heide</subfield></datafield><datafield ind1=" " ind2=" " tag="CAT"><subfield code="a">SYS</subfield><subfield code="c">20170218</subfield><subfield code="h">234057</subfield></datafield></record></collection>